<record><leader>04169cam a2200541 i 4500</leader><controlfield tag="001">6785819</controlfield><controlfield tag="003">OCoLC</controlfield><controlfield tag="005">20150723160343.0</controlfield><controlfield tag="008">140911t20152015enka          001 0 eng  </controlfield><datafield ind1=" " ind2=" " tag="010"><subfield code="a">  2014035835</subfield></datafield><datafield ind1=" " ind2=" " tag="015"><subfield code="a">GBB4D3975</subfield><subfield code="2">bnb</subfield></datafield><datafield ind1="7" ind2=" " tag="016"><subfield code="a">016955149</subfield><subfield code="2">Uk</subfield></datafield><datafield ind1=" " ind2=" " tag="020"><subfield code="a">9781472572714</subfield><subfield code="q">paperback</subfield></datafield><datafield ind1=" " ind2=" " tag="020"><subfield code="a">1472572718</subfield><subfield code="q">paperback</subfield></datafield><datafield ind1=" " ind2=" " tag="035"><subfield code="a">ocn898113382</subfield></datafield><datafield ind1=" " ind2=" " tag="039"><subfield code="a">exclude</subfield></datafield><datafield ind1=" " ind2=" " tag="040"><subfield code="a">DLC</subfield><subfield code="e">rda</subfield><subfield code="b">eng</subfield><subfield code="c">DLC</subfield><subfield code="d">YDX</subfield><subfield code="d">YDXCP</subfield><subfield code="d">BTCTA</subfield><subfield code="d">CDX</subfield><subfield code="d">OCLCO</subfield><subfield code="d">OCLCF</subfield><subfield code="d">LND</subfield><subfield code="d">UKMGB</subfield><subfield code="d">OMB</subfield><subfield code="d">AEU</subfield></datafield><datafield ind1=" " ind2=" " tag="042"><subfield code="a">pcc</subfield></datafield><datafield ind1="0" ind2="0" tag="050"><subfield code="a">NC997</subfield><subfield code="b">.A83 2015</subfield></datafield><datafield ind1="0" ind2="0" tag="082"><subfield code="a">741.6</subfield><subfield code="2">23</subfield></datafield><datafield ind1=" " ind2=" " tag="084"><subfield code="a">DES000000</subfield><subfield code="a">DES007000</subfield><subfield code="2">bisacsh</subfield></datafield><datafield ind1=" " ind2=" " tag="090"><subfield code="a">NC997 .A83 2015</subfield><subfield code="b">AEGMCT</subfield></datafield><datafield ind1="1" ind2=" " tag="100"><subfield code="a">Ambrose, Gavin,</subfield><subfield code="e">author.</subfield></datafield><datafield ind1="1" ind2="0" tag="240"><subfield code="a">Design th!nking</subfield></datafield><datafield ind1="1" ind2="0" tag="245"><subfield code="a">Design thinking for visual communication /</subfield><subfield code="c">Gavin Ambrose, Paul Harris.</subfield></datafield><datafield ind1=" " ind2=" " tag="250"><subfield code="a">Second edition.</subfield></datafield><datafield ind1=" " ind2="1" tag="264"><subfield code="a">London, UK ;</subfield><subfield code="a">New York, NY :</subfield><subfield code="b">Fairchild Books, an imprint of Bloomsbury Publishing Plc,</subfield><subfield code="c">[2015]</subfield></datafield><datafield ind1=" " ind2="4" tag="264"><subfield code="c">&#169;2015</subfield></datafield><datafield ind1=" " ind2=" " tag="300"><subfield code="a">192 pages :</subfield><subfield code="b">illustrations (chiefly color) ;</subfield><subfield code="c">24 cm.</subfield></datafield><datafield ind1=" " ind2=" " tag="336"><subfield code="a">text</subfield><subfield code="b">txt</subfield><subfield code="2">rdacontent</subfield></datafield><datafield ind1=" " ind2=" " tag="337"><subfield code="a">unmediated</subfield><subfield code="b">n</subfield><subfield code="2">rdamedia</subfield></datafield><datafield ind1=" " ind2=" " tag="338"><subfield code="a">volume</subfield><subfield code="b">nc</subfield><subfield code="2">rdacarrier</subfield></datafield><datafield ind1="0" ind2=" " tag="490"><subfield code="a">Basics design</subfield></datafield><datafield ind1=" " ind2=" " tag="500"><subfield code="a">Includes index.</subfield></datafield><datafield ind1="8" ind2=" " tag="505"><subfield code="a">Stages of thinking ; Stage 1: Define ; Stage 2: Research ; Stage 3: Ideate ; Stage 4: Prototype ; Stage 5: Select ; Stage 6: Implement ; Stage 7: Learn ; Industry view: NB Studio -- Research : Identifying drivers ; Information gathering ; Target groups ; Samples and feedback ; Industry view: Tanner Christensen -- Idea generation : Basic design directions ; Questions and answers ; Themes of thinking ; Inspiration and references ; Brainstorming ; Value ; Inclusion ; Sketching ; Industry view: Planning Unit -- Refinement : Thinking in images ; Thinking in signs ; Appropriation ; Humor ; Personification ; Visual metaphors ; Modification ; Thinking in words ; Type 'faces' ; Thinking in shapes ; Thinking in color ; Thinking in technology ; Industry view: Laverna &amp; Cienfuegos -- Prototyping : Developing designs ; 'Types' of prototype ; Vocabulary ; What to do if you get stuck ; Industry view: Second Story -- Implementation : Format ; Materials ; Finishing ; Media ; Scale ; Series/continuity ; Industry view : Design Is Play -- Exercises -- Glossary.</subfield></datafield><datafield ind1=" " ind2=" " tag="520"><subfield code="a">"How do you start a design project? How can you generate ideas and concepts in response to a design brief? How do other designers do it? This book will answer all these questions and more. Now in its second edition, the highly popular Design Thinking for Visual Communication identifies methods and thought processes used by designers in order to start the process that eventually leads to a finished piece of work. Step-by-step guidance for each part of the process is highlighted by real-life case studies, enabling the student to see teaching in practice. This focus on ideas and methods eschews an abstract, academic approach in favour of a useable approach to design as a problem-solving activity. The new edition now includes contributions from a broader international range of design practices and adds depth to existing case studies by looking in greater detail at some of the processes used"--</subfield><subfield code="c">Provided by publisher.</subfield></datafield><datafield ind1=" " ind2=" " tag="520"><subfield code="a">"An introductory guide to generating creative ideas and concepts for graphic designers"--</subfield><subfield code="c">Provided by publisher.</subfield></datafield><datafield ind1=" " ind2=" " tag="596"><subfield code="a">29</subfield></datafield><datafield ind1=" " ind2="0" tag="650"><subfield code="a">Graphic arts.</subfield></datafield><datafield ind1=" " ind2="0" tag="650"><subfield code="a">Graphic design (Typography)</subfield></datafield><datafield ind1=" " ind2="0" tag="650"><subfield code="a">Communication in design.</subfield></datafield><datafield ind1=" " ind2="0" tag="650"><subfield code="a">Design</subfield><subfield code="v">Case studies.</subfield></datafield><datafield ind1="1" ind2=" " tag="700"><subfield code="a">Harris, Paul,</subfield><subfield code="d">1971-</subfield><subfield code="e">author.</subfield></datafield><datafield ind1="0" ind2="8" tag="775"><subfield code="i">Revision of:</subfield><subfield code="a">Ambrose, Gavin.</subfield><subfield code="t">Design th!nking</subfield><subfield code="d">Lausanne : AVA Academia, c2010</subfield><subfield code="k">Basics design ; 08</subfield><subfield code="z">9782940411177</subfield><subfield code="w">(OCoLC)429605144</subfield></datafield><datafield ind1="4" ind2="2" tag="856"><subfield code="3">Cover image</subfield><subfield code="u">http://www.netread.com/jcusers2/bk1388/714/9781472572714/image/lgcover.9781472572714.jpg</subfield></datafield><datafield ind1="4" ind2="2" tag="856"><subfield code="3">Cover image</subfield><subfield code="u">http://www.netread.com/jcusers2/bk1388/714/9781472572714/image/lgcover.9781472572714.jpg</subfield></datafield><datafield ind1=" " ind2=" " tag="949"><subfield code="a">NC997 .A83 2015</subfield><subfield code="h">GMCT-OS-B</subfield><subfield code="i">1007779406</subfield><subfield code="p">62.58</subfield><subfield code="k">AVAIL_SOON</subfield></datafield><datafield ind1=" " ind2=" " tag="926"><subfield code="a">NC997 .A83 2015</subfield><subfield code="w">LC</subfield><subfield code="c">1</subfield><subfield code="i">1007779406</subfield><subfield code="d">4/10/2017</subfield><subfield code="e">4/10/2017</subfield><subfield code="k">CHECKEDOUT</subfield><subfield code="l">ON_SHELF</subfield><subfield code="m">GR_MACEWAN</subfield><subfield code="n">12</subfield><subfield code="p">$62.58</subfield><subfield code="r">M</subfield><subfield code="s">Y</subfield><subfield code="t">BOOK</subfield><subfield code="u">7/28/2015</subfield></datafield></record>